@misc{WatchMee87:online,
author = {},
title = {Watch Meet the Robots on a Quest to Clean Up Fukushima | WIRED},
howpublished = {\url{https://www.wired.com/video/watch/meet-the-robots-on-a-quest-to-clean-up-fukushima}},
month = {},
year = {},
note = {Accessed on 05/16/2022}
}

@misc{MeetAqua67:online,
author = {},
title = {Meet Aquanaut, the Underwater Transformer - IEEE Spectrum},
howpublished = {\url{https://spectrum.ieee.org/meet-aquanaut-the-underwater-transformer}},
month = {},
year = {},
note = {(Accessed on 05/17/2022)}
}

@misc{Alookbac39:online,
author = {},
title = {A look back in time could reveal a way forward for Europeâ€™s uncharted treasures | UNEXMIN Project | Results in brief | H2020 | CORDIS | European Commission},
howpublished = {\url{https://cordis.europa.eu/article/id/413479-a-look-back-in-time-could-reveal-a-way-forward-for-europe-s-uncharted-treasures}},
month = {},
year = {},
note = {(Accessed on 05/17/2022)}
}

@misc{REMUS6001:online,
author = {},
title = {REMUS 600 Autonomous Underwater Vehicle (AUV)},
howpublished = {\url{https://www.naval-technology.com/projects/remus-600-autonomous-underwater-vehicle-auv/}},
month = {},
year = {},
note = {(Accessed on 05/17/2022)}
}

@misc{BlueROV210:online,
author = {},
title = {BlueROV2 - Affordable and Capable Underwater ROV},
howpublished = {\url{https://bluerobotics.com/store/rov/bluerov2/}},
month = {},
year = {},
note = {(Accessed on 05/17/2022)}
}

@article{jain2015review,
  title={A review paper on: autonomous underwater vehicle},
  author={Jain, Sandeep Kumar and Mohammad, Sultan and Bora, Suyog and Singh, Mahender},
  journal={International Journal of Scientific \& Engineering Research},
  volume={6},
  number={2},
  pages={38},
  year={2015}
}




